@misc{Hydrogen,
title = {New “Hydrogen Council” launches in Davos | Air Liquide},
author={Brugier, Caroline and Langevin, Aurélie Wayser},
year={2017},
url = {https://www.airliquide.com/media/new-hydrogen-council-launches-davos},
note = {Accessed: 27 May 2017}
}

@misc{H2tools,
title = {Hydrogen Analysis Resource Center},
author={{Pacific Northwest National Laboratory}},
year={n.d.},
url = {https://h2tools.org/hyarc},
note = {Accessed: 29 June 2017}
}

@misc{iea_etsap,
title = {Energy Technology Data Source},
author={IEA},
year={n.d.},
url = {https://iea-etsap.org/index.php/energy-technology-data},
note = {Accessed: 29 June 2017}
}

@misc{hyunder,
title = {HyUnder},
author={{The HyUnder project}},
year={2015},
url = {http://hyunder.eu/},
note = {Accessed: 29 June 2017}
}



@techreport{melendez2008regional,
  title={Regional consumer hydrogen demand and optimal hydrogen refueling station siting},
  author={Melendez, Margo and Milbrandt, Anelia},
  doi = {10.2172/928253},
  year={2008},
  institution={National Renewable Energy Laboratory (NREL), Golden, CO.}
}

@techreport{iea2007production,
  title={Hydrogen Production \& Distribution},
  author={IEA},
  year={2007},
  institution={International Energy Agency}
}

@techreport{iea2015technology,
  title={Technology Roadmap-Hydrogen and Fuel Cells},
  author={IEA},
  year={2015},
  institution={International Energy Agency}
}

@techreport{EU2008hyways,
  title={HyWays, The European hydrogen roadmap},
  author={{European Research Area}},
  year={2015},
  institution={European Commission}
}

@techreport{johnson2005optimal,
  title={Optimal Design of a Fossil Fuel-Based Hydrogen Infrastructure with Carbon Capture and Sequestration: Case Study in Ohio},
  author={Johnson, Nils and Yang, Christopher and Ni, Jason and Johnson, Joshua and Lin, Zhenhong and Ogden, Joan M},
  year={2005},
  institution={Institute of Transportation Studies, UC Davis}
}

@techreport{lin2006hydrogen,
  title={The Hydrogen Infrastructure Transition (HIT) Model and Its Application in Optimizing a 50-year Hydrogen Infrastructure for Urban Beijing},
  author={Lin, Zhenhong and Ogden, Joan M and Fan, Yueyue and Sperling, Dan},
  year={2006},
  institution={Institute of Transportation Studies, UC Davis}
}

@techreport{winskel2009decarbonising,
  title={Decarbonising the UK energy system: accelerated development of low carbon energy supply technologies},
  author={Winskel, Mark and Markusson, Nils and Moran, Brigette and Taylor, Gail},
  year={2009},
 institution={UK Energy Research Centre}
}





@book{shapiro2006modeling,
  title={Modeling the supply chain},
  author={Shapiro, Jeremy},
  year={2006},
  publisher={Nelson Education}
}

@book{national2004hydrogen,
  title={The hydrogen economy: opportunities, costs, barriers, and R\&D needs},
  author={{US National Research Council}},
  doi = {10.2172/882095},
  year={2004},
  publisher={National Academies Press}
}

@book{diwekar2008introduction,
  title={Introduction to applied optimization},
  author={Diwekar, Urmila},
  doi = {10.1007/978-1-4757-3745-5},
  volume={22},
  year={2008},
  publisher={Springer Science \& Business Media}
}

@book{rosenthal2014gams,
  title={GAMS: A User's Guide; Tutorial},
  author={Rosenthal, Richard E},
  year={2014},
  publisher={GAMS Development Corporation}
}

@book{iea2016years,
	title = {20 Years of Carbon Capture and Storage},
    author={IEA},
    doi = {10.1787/9789264267800-en},
	year = {2016},
	publisher = {International Energy Agency},
}



@article{lin2008least,
  title={The least-cost hydrogen for Southern California},
  author={Lin, Zhenhong and Chen, Chien-Wei and Ogden, Joan and Fan, Yueyue},
  doi = {10.1016/j.ijhydene.2008.01.039},
  journal={Int J Hydrogen Energy},
  volume={33},
  number={12},
  pages={3009--3014},
  year={2008},
  publisher={Elsevier}
}

@article{simbeck2002hydrogen,
  title={Hydrogen supply: cost estimate for hydrogen pathways--scoping analysis},
  author={Simbeck, Dale and Chang, Elaine},
  doi = {10.2172/15002482},
  journal={National Renewable Energy Laboratory},
  volume={71},
  year={2002}
}

@article{yang2007determining,
  title={Determining the lowest-cost hydrogen delivery mode},
  author={Yang, Christopher and Ogden, Joan},
  doi = {10.1016/j.ijhydene.2006.05.009},
  journal={Int J Hydrogen Energy},
  volume={32},
  number={2},
  pages={268--286},
  year={2007},
  publisher={Elsevier}
}

@article{kim2008role,
  title={The role of hydrogen in the road transportation sector for a sustainable energy system: a case study of Korea},
  author={Kim, Jiyong and Moon, Il},
  doi = {10.1016/j.ijhydene.2008.09.050},
  journal={Int J Hydrogen Energy},
  volume={33},
  number={24},
  pages={7326--7337},
  year={2008},
  publisher={Elsevier}
}

@article{chang2007pathways,
  title={Pathways for hydrogen infrastructure development in China: Integrated assessment for vehicle fuels and a case study of Beijing},
  author={Chang, Le and Li, Zheng and Gao, Dan and Huang, He and Ni, Weidou},
  doi = {10.1016/j.energy.2007.04.003},
  journal={Energy},
  volume={32},
  number={11},
  pages={2023--2037},
  year={2007},
  publisher={Elsevier}
}

@article{feng2004future,
  title={The future of hydrogen infrastructure for fuel cell vehicles in China and a case of application in Beijing},
  author={Feng, Wen and Wang, Shujuan and Ni, Weidou and Chen, Changhe},
  doi = {10.1016/s0360-3199(03)00158-7},
  journal={Int J Hydrogen Energy},
  volume={29},
  number={4},
  pages={355--367},
  year={2004},
  publisher={Elsevier}
}

@article{almansoori2009design,
  title={Design and operation of a future hydrogen supply chain: multi-period model},
  author={Almansoori, A and Shah, N},
  doi = {10.1016/j.ijhydene.2009.07.109},
  journal={Int J Hydrogen Energy},
  volume={34},
  number={19},
  pages={7883--7897},
  year={2009},
  publisher={Elsevier}
}

@article{ball2007integration,
  title={Integration of a hydrogen economy into the German energy system: an optimising modelling approach},
  author={Ball, Michael and Wietschel, Martin and Rentz, Otto},
  doi = {10.1016/j.ijhydene.2006.10.016},
  journal={Int J Hydrogen Energy},
  volume={32},
  number={10},
  pages={1355--1368},
  year={2007},
  publisher={Elsevier}
}

@article{hugo2005hydrogen,
  title={Hydrogen infrastructure strategic planning using multi-objective optimization},
  author={Hugo, Andre and Rutter, Paul and Pistikopoulos, Stratos and Amorelli, Angelo and Zoia, Giorgio},
  doi = {10.1016/j.ijhydene.2005.04.017},
  journal={Int J Hydrogen Energy},
  volume={30},
  number={15},
  pages={1523--1534},
  year={2005},
  publisher={Elsevier}
}

@article{li2008hydrogen,
  title={Hydrogen infrastructure design and optimization: a case study of China},
  author={Li, Zheng and Gao, Dan and Chang, Le and Liu, Pei and Pistikopoulos, Efstratios N},
  doi = {10.1016/j.ijhydene.2008.06.076},
  journal={Int J Hydrogen Energy},
  volume={33},
  number={20},
  pages={5275--5286},
  year={2008},
  publisher={Elsevier}
}

@article{barbir2009transition,
  title={Transition to renewable energy systems with hydrogen as an energy carrier},
  author={Barbir, Frano},
  doi = {10.1016/j.energy.2008.07.007},
  journal={Energy},
  volume={34},
  number={3},
  pages={308--312},
  year={2009},
  publisher={Elsevier}
}

@article{almansoori2006design,
  title={Design and operation of a future hydrogen supply chain: snapshot model},
  author={Almansoori, ASAI and Shah, N},
  doi = {10.1205/cherd.05193},
  journal={Chem Eng Res Des},
  volume={84},
  number={6},
  pages={423--438},
  year={2006},
  publisher={Elsevier}
}

@article{kim2008optimization,
  title={Optimization of a hydrogen supply chain under demand uncertainty},
  author={Kim, Jiyong and Lee, Younghee and Moon, Il},
  doi = {10.1016/j.ijhydene.2008.06.007},
  journal={Int J Hydrogen Energy},
  volume={33},
  number={18},
  pages={4715--4729},
  year={2008},
  publisher={Elsevier}
}

@article{almansoori2012design,
  title={Design and operation of a stochastic hydrogen supply chain network under demand uncertainty},
  author={Almansoori, A and Shah, N},
  doi = {10.1016/j.ijhydene.2011.11.091},
  journal={Int J Hydrogen Energy},
  volume={37},
  number={5},
  pages={3965--3977},
  year={2012},
  publisher={Elsevier}
}

@article{kim2017integrated,
  title={An integrated decision support model for design and operation of a wind-based hydrogen supply system},
  author={Kim, Minsoo and Kim, Jiyong},
  doi = {10.1016/j.ijhydene.2016.10.129},
  journal={Int J Hydrogen Energy},
  volume={42},
  number={7},
  pages={3899--3915},
  year={2017},
  publisher={Elsevier}
}

@article{almaraz2014hydrogen,
  title={Hydrogen supply chain optimization for deployment scenarios in the Midi-Pyr\'{e}n\'{e}es region, France},
  author={Almaraz, Sof{\'\i}a De-Le{\'o}n and Azzaro-Pantel, Catherine and Montastruc, Ludovic and Domenech, Serge},
  doi = {10.1016/j.ijhydene.2014.05.165},
  journal={Int J Hydrogen Energy},
  volume={39},
  number={23},
  pages={11831--11845},
  year={2014},
  publisher={Elsevier}
}

@article{konda2011optimal,
  title={Optimal transition towards a large-scale hydrogen infrastructure for the transport sector: the case for the Netherlands},
  author={Konda, NVSN Murthy and Shah, Nilay and Brandon, Nigel P},
  doi = {10.1016/j.ijhydene.2011.01.104},
  journal={Int J Hydrogen Energy},
  volume={36},
  number={8},
  pages={4619--4635},
  year={2011},
  publisher={Elsevier}
}

@article{sabio2012holistic,
  title={Holistic minimization of the life cycle environmental impact of hydrogen infrastructures using multi-objective optimization and principal component analysis},
  author={Sabio, N and Kostin, A and Guill{\'e}n-Gos{\'a}lbez, G and Jim{\'e}nez, L},
  doi = {10.1016/j.ijhydene.2011.09.039},
  journal={Int J Hydrogen Energy},
  volume={37},
  number={6},
  pages={5385--5405},
  year={2012},
  publisher={Elsevier}
}

@article{parker2010waste,
  title={From waste to hydrogen: an optimal design of energy production and distribution network},
  author={Parker, Nathan and Fan, Yueyue and Ogden, Joan},
  doi = {10.1016/j.tre.2009.04.002},
  journal={Transp Res Part E Logist Transp Rev},
  volume={46},
  number={4},
  pages={534--545},
  year={2010},
  publisher={Elsevier}
}

@article{johnson2012spatially,
  title={A spatially-explicit optimization model for long-term hydrogen pipeline planning},
  author={Johnson, Nils and Ogden, Joan},
  doi = {10.1016/j.ijhydene.2011.08.109},
  journal={Int J Hydrogen Energy},
  volume={37},
  number={6},
  pages={5421--5433},
  year={2012},
  publisher={Elsevier}
}

@article{agnolucci2013importance,
  title={The importance of economies of scale, transport costs and demand patterns in optimising hydrogen fuelling infrastructure: An exploration with SHIPMod (Spatial hydrogen infrastructure planning model)},
  author={Agnolucci, Paolo and Akgul, Ozlem and McDowall, William and Papageorgiou, Lazaros G},
  doi = {10.1016/j.ijhydene.2013.06.071},
  journal={Int J Hydrogen Energy},
  volume={38},
  number={26},
  pages={11189--11201},
  year={2013},
  publisher={Elsevier}
}

@article{dayhim2014planning,
  title={Planning sustainable hydrogen supply chain infrastructure with uncertain demand},
  author={Dayhim, Muhammad and Jafari, Mohsen A and Mazurek, Monica},
  doi = {10.1016/j.ijhydene.2014.02.132},
  journal={Int J Hydrogen Energy},
  volume={39},
  number={13},
  pages={6789--6801},
  year={2014},
  publisher={Elsevier}
}

@article{moreno2017towards,
  title={Towards a sustainable hydrogen economy: Optimisation-based framework for hydrogen infrastructure development},
  author={Moreno-Benito, Marta and Agnolucci, Paolo and Papageorgiou, Lazaros G},
  doi = {10.1016/j.compchemeng.2016.08.005},
  journal={Comput Chem Eng},
  volume={102},
  pages={110--127},
  year={2017},
  publisher={Elsevier}
}

@article{nunes2015design,
  title={Design of a hydrogen supply chain with uncertainty},
  author={Nunes, Paula and Oliveira, Fabricio and Hamacher, Silvio and Almansoori, Ali},
  doi = {10.1016/j.ijhydene.2015.10.015},
  journal={Int J Hydrogen Energy},
  volume={40},
  number={46},
  pages={16408--16418},
  year={2015},
  publisher={Elsevier}
}

@article{kim2008strategic,
  title={Strategic design of hydrogen infrastructure considering cost and safety using multiobjective optimization},
  author={Kim, Jiyong and Moon, Il},
  doi = {10.1016/j.ijhydene.2008.07.028},
  journal={Int J Hydrogen Energy},
  volume={33},
  number={21},
  pages={5887--5896},
  year={2008},
  publisher={Elsevier}
}

@article{won2017design,
  title={Design and operation of renewable energy sources based hydrogen supply system: Technology integration and optimization},
  author={Won, Wangyun and Kwon, Hweeung and Han, Jee-Hoon and Kim, Jiyong},
  doi = {10.1016/j.renene.2016.11.038},
  journal={Renew Energy},
  volume={103},
  pages={226--238},
  year={2017},
  publisher={Elsevier}
}

@article{kim2016optimization,
  title={Optimization model for the design and analysis of an integrated renewable hydrogen supply (IRHS) system: Application to Korea's hydrogen economy},
  author={Kim, Minsoo and Kim, Jiyong},
  doi = {10.1016/j.ijhydene.2016.07.079},
  journal={Int J Hydrogen Energy},
  volume={41},
  number={38},
  pages={16613--16626},
  year={2016},
  publisher={Elsevier}
}

@article{cany2017adapting,
  title={Adapting the French nuclear fleet to integrate variable renewable energies via the production of hydrogen: Towards massive production of low carbon hydrogen?},
  author={Cany, Camille and Mansilla, Christine and da Costa, Pascal and Mathonni{\`e}re, Gilles},
  doi = {10.1016/j.ijhydene.2017.01.146},
  journal={Int J Hydrogen Energy},
  volume={42},
  number={19},
  pages={13339--13356},
  year={2017},
  publisher={Elsevier}
}

@article{sabio2010strategic,
  title={Strategic planning with risk control of hydrogen supply chains for vehicle use under uncertainty in operating costs: a case study of Spain},
  author={Sabio, Nagore and Gadalla, Mamdouh and Guill{\'e}n-Gos{\'a}lbez, Gonzalo and Jim{\'e}nez, Laureano},
  doi = {10.1016/j.ijhydene.2010.04.010},
  journal={Int J Hydrogen Energy},
  volume={35},
  number={13},
  pages={6836--6852},
  year={2010},
  publisher={Elsevier}
}

@article{woo2016optimization,
  title={Optimization-based approach for strategic design and operation of a biomass-to-hydrogen supply chain},
  author={Woo, Young-bin and Cho, Seolhee and Kim, Jiyong and Kim, Byung Soo},
  doi = {10.1016/j.ijhydene.2016.01.153},
  journal={Int J Hydrogen Energy},
  volume={41},
  number={12},
  pages={5405--5418},
  year={2016},
  publisher={Elsevier}
}

@article{cho2016optimization,
  title={Optimization-based planning of a biomass to hydrogen (B2H2) system using dedicated energy crops and waste biomass},
  author={Cho, Seolhee and Woo, Young-bin and Kim, Byung Soo and Kim, Jiyong},
  doi = {10.1016/j.biombioe.2016.02.025},
  journal={Biomass and Bioenergy},
  volume={87},
  pages={144--155},
  year={2016},
  publisher={Elsevier}
}

@article{almansoori2016design,
  title={Design of optimization model for a hydrogen supply chain under emission constraints-A case study of Germany},
  author={Almansoori, A and Betancourt-Torcat, A},
  doi = {10.1016/j.energy.2016.05.123},
  journal={Energy},
  volume={111},
  pages={414--429},
  year={2016},
  publisher={Elsevier}
}

@article{han2013multi,
  title={Multi-objective optimization design of hydrogen infrastructures simultaneously considering economic cost, safety and CO2 emission},
  author={Han, Jee-Hoon and Ryu, Jun-Hyung and Lee, In-Beum},
  doi = {10.1016/j.cherd.2013.04.026},
  journal={Chem Eng Res Des},
  volume={91},
  number={8},
  pages={1427--1439},
  year={2013},
  publisher={Elsevier}
}

@article{kamarudin2009synthesis,
  title={Synthesis and optimization of future hydrogen energy infrastructure planning in Peninsular Malaysia},
  author={Kamarudin, Siti Kartom and Daud, Wan Ramli Wan and Yaakub, Zahira and Misron, Z and Anuar, W and Yusuf, NNAN},
  doi = {10.1016/j.ijhydene.2008.12.086},
  journal={Int J Hydrogen Energy},
  volume={34},
  number={5},
  pages={2077--2088},
  year={2009},
  publisher={Elsevier}
}

@article{brey2006designing,
  title={Designing a gradual transition to a hydrogen economy in Spain},
  author={Brey, JJ and Brey, R and Carazo, AF and Contreras, I and Hernandez-Diaz, AG and Gallardo, V},
  doi = {10.1016/j.jpowsour.2005.12.089},
  journal={J Power Sources},
  volume={159},
  number={2},
  pages={1231--1240},
  year={2006},
  publisher={Elsevier}
}

@article{han2012modeling,
  title={Modeling the operation of hydrogen supply networks considering facility location},
  author={Han, Jee-Hoon and Ryu, Jun-Hyung and Lee, In-Beum},
  doi = {10.1016/j.ijhydene.2011.04.001},
  journal={Int J Hydrogen Energy},
  volume={37},
  number={6},
  pages={5328--5346},
  year={2012},
  publisher={Elsevier}
}

@article{almaraz2015deployment,
  title={Deployment of a hydrogen supply chain by multi-objective/multi-period optimisation at regional and national scales},
  author={Almaraz, Sof{\'\i}a De-Le{\'o}n and Azzaro-Pantel, Catherine and Montastruc, Ludovic and Boix, Marianne},
  doi = {10.1016/j.cherd.2015.07.005},
  journal={Chem Eng Res Des},
  volume={104},
  pages={11--31},
  year={2015},
  publisher={Elsevier}
}

@article{almaraz2013assessment,
  title={Assessment of mono and multi-objective optimization to design a hydrogen supply chain},
  author={Almaraz, Sof{\'\i}a De-Le{\'o}n and Azzaro-Pantel, Catherine and Montastruc, Ludovic and Pibouleau, Luc and Senties, Oscar Baez},
  doi = {10.1016/j.ijhydene.2013.07.059},
  journal={Int J Hydrogen Energy},
  volume={38},
  number={33},
  pages={14121--14145},
  year={2013},
  publisher={Elsevier}
}

@article{hwangbo2017mathematical,
  title={Mathematical model to optimize design of integrated utility supply network and future global hydrogen supply network under demand uncertainty},
  author={Hwangbo, Soonho and Lee, In-Beum and Han, Jeehoon},
  doi = {10.1016/j.apenergy.2017.03.041 },
  journal={Appl Energy},
  volume={195},
  pages={257--267},
  year={2017},
  publisher={Elsevier}
}

@article{guillen2010bi,
  title={A bi-criterion optimization approach for the design and planning of hydrogen supply chains for vehicle use},
  author={Guill{\'e}n-Gos{\'a}lbez, Gonzalo and Mele, Fernando D and Grossmann, Ignacio E},
  doi = {10.1002/aic.12024},
  journal={AIChE J},
  volume={56},
  number={3},
  pages={650--667},
  year={2010},
  publisher={Wiley Online Library}
}

@article{dagdougui2012models,
  title={Models, methods and approaches for the planning and design of the future hydrogen supply chain},
  author={Dagdougui, Hanane},
  doi = {10.1016/j.ijhydene.2011.08.041},
  journal={Int J Hydrogen Energy},
  volume={37},
  number={6},
  pages={5318--5327},
  year={2012},
  publisher={Elsevier}
}

@article{Robles2016,
author = {Robles, Jesus Ochoa and Almaraz, Sofia De-Le{\'{o}}n and Azzaro-Pantel, Catherine},
doi = {10.1016/b978-0-444-63428-3.50139-9},
journal = {26th European Symposium on Computer Aided Process Engineering},
pages = {805--810},
title = {Optimization of a Hydrogen Supply Chain Network Design by Multi-Objective Genetic Algorithms},
volume = {38},
year = {2016}
}

@article{amoo2014integrated,
  title={An integrated impact assessment of hydrogen as a future energy carrier in Nigeria's transportation, energy and power sectors},
  author={Amoo, Leye M and Fagbenle, R Layi},
    doi = {10.1016/j.ijhydene.2014.06.022},
  journal={Int J Hydrogen Energy},
  volume={39},
  number={24},
  pages={12409--12433},
  year={2014},
  publisher={Elsevier}
}

@article{krishnan2014planning,
  title={A planning model to assess hydrogen as an alternative fuel for national light-duty vehicle portfolio},
  author={Krishnan, Venkat and Gonzalez-Marciaga, Lizbeth and McCalley, James},
  doi = {10.1016/j.energy.2014.06.109},
  journal={Energy},
  volume={73},
  pages={943--957},
  year={2014},
  publisher={Elsevier}
}

@article{gim2012transportation,
  title={A transportation model approach for constructing the cost effective central hydrogen supply system in Korea},
  author={Gim, Bongjin and Boo, Kyung Jin and Cho, Sang Min},
  doi = {10.1016/j.ijhydene.2011.09.120},
  journal={Int J Hydrogen Energy},
  volume={37},
  number={2},
  pages={1162--1172},
  year={2012},
  publisher={Elsevier}
}

@article{krzyzanowski2008supporting,
  title={Supporting hydrogen based transportation: case studies with Global MARKAL Model},
  author={Krzyzanowski, Daniel A and Kypreos, Socrates and Barreto, Leonardo},
  doi = {10.1007/s10287-007-0040-5},
  journal={Comput Manag Sci},
  volume={5},
  number={3},
  pages={207--231},
  year={2008},
  publisher={Springer}
}

@article{hajimiragha2009hydrogen,
  title={Hydrogen economy transition in Ontario {\textendash} Canada considering the electricity grid constraints},
  author={Hajimiragha, Amirhossein and Fowler, Michael W and Canizares, Claudio A},
  doi = {10.1016/j.ijhydene.2009.04.063},
  journal={Int J Hydrogen Energy},
  volume={34},
  number={13},
  pages={5275--5293},
  year={2009},
  publisher={Elsevier}
}

@article{konda2012dutch,
  title={Dutch hydrogen economy: evolution of optimal supply infrastructure and evaluation of key influencing elements},
  author={Konda, NVSN Murthy and Shah, Nilay and Brandon, Nigel P},
  doi = {10.1002/apj.604},
  journal={Asia-Pacific J Chem Eng},
  volume={7},
  number={4},
  pages={534--546},
  year={2012},
  publisher={Wiley Online Library}
}

@article{dagdougui2012modelling,
  title={Modelling and control of hydrogen and energy flows in a network of green hydrogen refuelling stations powered by mixed renewable energy systems},
  author={Dagdougui, Hanane and Ouammi, Ahmed and Sacile, Roberto},
  doi = {10.1016/j.ijhydene.2011.07.096},
  journal={Int J Hydrogen Energy},
  volume={37},
  number={6},
  pages={5360--5371},
  year={2012},
  publisher={Elsevier}
}

@article{qadrdan2008model,
  title={A model for investigation of optimal hydrogen pathway, and evaluation of environmental impacts of hydrogen supply system},
  author={Qadrdan, Meysam and Saboohi, Yadollah and Shayegan, Jalal},
  doi = {10.1016/j.ijhydene.2008.09.031},
  journal={Int J Hydrogen Energy},
  volume={33},
  number={24},
  pages={7314--7325},
  year={2008},
  publisher={Elsevier}
}

@article{brey2012using,
  title={Using AHP and binary integer programming to optimize the initial distribution of hydrogen infrastructures in Andalusia},
  author={Brey, JJ and Carazo, AF and Brey, R},
  doi = {10.1016/j.ijhydene.2011.08.040},
  journal={International Journal of hydrogen energy},
  volume={37},
  number={6},
  pages={5372--5384},
  year={2012},
  publisher={Elsevier}
}

@article{stephens2010systematic,
  title={Systematic planning to optimize investments in hydrogen infrastructure deployment},
  author={Stephens-Romero, Shane D and Brown, Tim M and Kang, Jee E and Recker, Wilfred W and Samuelsen, G Scott},
  doi = {10.1016/j.ijhydene.2010.02.024},
  journal={Int J Hydrogen Energy},
  volume={35},
  number={10},
  pages={4652--4667},
  year={2010},
  publisher={Elsevier}
}

@article{gul2009energy,
  title={An energy-economic scenario analysis of alternative fuels for personal transport using the Global Multi-regional MARKAL model (GMM)},
  author={G{\"u}l, Timur and Kypreos, Socrates and Turton, Hal and Barreto, Leonardo},
  doi = {10.1016/j.energy.2009.04.010},
  journal={Energy},
  volume={34},
  number={10},
  pages={1423--1437},
  year={2009},
  publisher={Elsevier}
}

@article{endo2007market,
  title={Market penetration analysis of fuel cell vehicles in Japan by using the energy system model MARKAL},
  author={Endo, Eiichi},
  doi = {10.1016/j.ijhydene.2006.10.015},
  journal={Int J Hydrogen Energy},
  volume={32},
  number={10},
  pages={1347--1354},
  year={2007},
  publisher={Elsevier}
}

@article{rosenberg2010market,
  title={Market penetration analysis of hydrogen vehicles in Norwegian passenger transport towards 2050},
  author={Rosenberg, Eva and Fidje, Audun and Espegren, Kari Aamodt and Stiller, Christoph and Svensson, Ann Mari and M{\o}ller-Holst, Steffen},
  doi = {10.1016/j.ijhydene.2010.04.153},
  journal={Int J Hydrogen Energy},
  volume={35},
  number={14},
  pages={7267--7279},
  year={2010},
  publisher={Elsevier}
}

@article{contreras2009market,
  title={Market penetration analysis of the use of hydrogen in the road transport sector of the Madrid region, using MARKAL},
  author={Contreras, A and Guerv{\'o}s, E and Posso, F},
  doi = {10.1016/j.ijhydene.2008.10.031},
  journal={Int J Hydrogen Energy},
  volume={34},
  number={1},
  pages={13--20},
  year={2009},
  publisher={Elsevier}
}

@article{contaldi2008hydrogen,
  title={Hydrogen perspectives in Italy: analysis of possible deployment scenarios},
  author={Contaldi, M and Gracceva, F and Mattucci, A},
  doi = {10.1016/j.ijhydene.2007.12.035},
  journal={Int J Hydrogen Energy},
  volume={33},
  number={6},
  pages={1630--1642},
  year={2008},
  publisher={Elsevier}
}

@article{strachan2009soft,
  title={Soft-linking energy systems and GIS models to investigate spatial hydrogen infrastructure development in a low-carbon UK energy system},
  author={Strachan, Neil and Balta-Ozkan, Nazmiye and Joffe, David and McGeevor, Kate and Hughes, Nick},
  doi = {10.1016/j.ijhydene.2008.10.083},
  journal={Int J Hydrogen Energy},
  volume={34},
  number={2},
  pages={642--657},
  year={2009},
  publisher={Elsevier}
}

@article{yeh2008optimizing,
  title={Optimizing US mitigation strategies for the light-duty transportation sector: what we learn from a bottom-up model},
  author={Yeh, S and Farrell, A and Plevin, R and Sanstad, A and Weyant, J},
  doi = {10.1021/es8005805},
  journal={Environ Sci Technol},
  volume={42},
  number={22},
  pages={8202},
  year={2008}
}

@article{lin2008fuel,
  title={The fuel-travel-back approach to hydrogen station siting},
  author={Lin, Zhenhong and Ogden, Joan and Fan, Yueyue and Chen, Chien-Wei},
  doi = {10.1016/j.ijhydene.2008.01.040},
  journal={Int J Hydrogen Energy},
  volume={33},
  number={12},
  pages={3096--3101},
  year={2008},
  publisher={Elsevier}
}

@article{kuby2009optimization,
  title={Optimization of hydrogen stations in Florida using the flow-refueling location model},
  author={Kuby, Michael and Lines, Lee and Schultz, Ronald and Xie, Zhixiao and Kim, Jong-Geun and Lim, Seow},
  doi = {10.1016/j.ijhydene.2009.05.050},
  journal={Int J Hydrogen Energy},
  volume={34},
  number={15},
  pages={6045--6064},
  year={2009},
  publisher={Elsevier}
}

@article{bersani2009network,
  title={Network planning of fuelling service stations in a near-term competitive scenario of the hydrogen economy},
  author={Bersani, Chiara and Minciardi, Riccardo and Sacile, Roberto and Trasforini, Eva},
  doi = {10.1016/j.seps.2008.02.001},
  journal={Socioecon Plann Sci},
  volume={43},
  number={1},
  pages={55--71},
  year={2009},
  publisher={Elsevier}
}

@article{rits2004evaluating,
  title={Evaluating the diffusion of fuel-cell cars in the China markets},
  author={Rits, Vincent and Kypreos, Socrates and Wokaun, Alexander},
  doi = {10.1016/s0386-1112(14)60090-x},
  journal={IATSS Res},
  volume={28},
  number={1},
  pages={34--46},
  year={2004},
  publisher={Elsevier}
}

@article{tseng2005hydrogen,
  title={A hydrogen economy: opportunities and challenges},
  author={Tseng, Phillip and Lee, John and Friley, Paul},
  doi = {10.1016/j.energy.2004.07.015},
  journal={Energy},
  volume={30},
  number={14},
  pages={2703--2720},
  year={2005},
  publisher={Elsevier}
}

@article{ingason2008optimizing,
  title={Optimizing site selection for hydrogen production in Iceland},
  author={Ingason, Helgi Thor and Ingolfsson, Hjalti Pall and Jensson, Pall},
  doi = {10.1016/j.ijhydene.2008.04.046},
  journal={Int J Hydrogen Energy},
  volume={33},
  number={14},
  pages={3632--3643},
  year={2008},
  publisher={Elsevier}
}

@article{sgobbi2016far,
  title={How far away is hydrogen? Its role in the medium and long-term decarbonisation of the European energy system},
  author={Sgobbi, Alessandra and Nijs, Wouter and De Miglio, Rocco and Chiodi, Alessandro and Gargiulo, Maurizio and Thiel, Christian},
  doi = {10.1016/j.ijhydene.2015.09.004},
  journal={Int J Hydrogen Energy},
  volume={41},
  number={1},
  pages={19--35},
  year={2016},
  publisher={Elsevier}
}

@article{balta2013spatial,
  title={Spatial development of hydrogen economy in a low-carbon UK energy system},
  author={Balta-Ozkan, Nazmiye and Baldwin, Elizabeth},
  doi = {10.1016/j.ijhydene.2012.11.049},
  journal={Int J Hydrogen Energy},
  volume={38},
  number={3},
  pages={1209--1224},
  year={2013},
  publisher={Elsevier}
}

@article{andre2014time,
  title={Time development of new hydrogen transmission pipeline networks for France},
  author={Andr{\'e}, Jean and Auray, St{\'e}phane and De Wolf, Daniel and Memmah, Mohamed-Mahmoud and Simonnet, Antoine},
  doi = {10.1016/j.ijhydene.2014.04.190},
  journal={Int J Hydrogen Energy},
  volume={39},
  number={20},
  pages={10323--10337},
  year={2014},
  publisher={Elsevier}
}

@article{yang2013renewable,
  title={Renewable and low carbon hydrogen for California--Modeling the long term evolution of fuel infrastructure using a quasi-spatial TIMES model},
  author={Yang, Christopher and Ogden, Joan M},
  doi = {10.1016/j.ijhydene.2013.01.195},
  journal={Int J Hydrogen Energy},
  volume={38},
  number={11},
  pages={4250--4265},
  year={2013},
  publisher={Elsevier}
}

@article{andre2013design,
  title={Design and dimensioning of hydrogen transmission pipeline networks},
  author={Andr{\'e}, Jean and Auray, St{\'e}phane and Brac, Jean and De Wolf, Daniel and Maisonnier, Guy and Ould-Sidi, Mohamed-Mahmoud and Simonnet, Antoine},
  doi = {10.1016/j.ejor.2013.02.036},
  journal={Eur J Oper Res},
  volume={229},
  number={1},
  pages={239--251},
  year={2013},
  publisher={Elsevier}
}

@article{fishbone1981markal,
  title={Markal, a linear-programming model for energy systems analysis: Technical description of the bnl version},
  author={Fishbone, Leslie G and Abilock, Harold},
  doi = {10.1002/er.4440050406},
  journal={International journal of Energy research},
  volume={5},
  number={4},
  pages={353--375},
  year={1981},
  publisher={Wiley Online Library}
}

@article{eskandarpour2015sustainable,
  title={Sustainable supply chain network design: an optimization-oriented review},
  author={Eskandarpour, Majid and Dejax, Pierre and Miemczyk, Joe and P{\'e}ton, Olivier},
  doi = {10.1016/j.omega.2015.01.006},
  journal={Omega},
  volume={54},
  pages={11--32},
  year={2015},
  publisher={Elsevier}
}

@inproceedings{garfield2004histcite,
  title={The HistCite system for mapping and bibliometric analysis of the output of searches using the ISI Web of Knowledge},
  author={Garfield, Eugene and Pudovkin, Alexander I},
  booktitle={Proceedings of the 67th annual meeting of the American society for information science and technology},
  pages={12--17},
  year={2004}
}

@article{Rath1982energy,
	doi = {10.1016/0305-0483(82)90006-8},
	year = 1982,
	month = {jan},
	publisher = {Elsevier {BV}},
	volume = {10},
	number = {5},
	pages = {493--505},
	author = {Stefan Rath-Nagel and Kenneth Stocks},
	title = {Energy modelling for technology assessment: the {MARKAL} approach},
	journal = {Omega}
}

@article{Vries2017incorporating,
	doi = {10.1016/j.omega.2016.08.005},
	year = 2017,
	month = {jun},
	publisher = {Elsevier {BV}},
	volume = {69},
	pages = {102--114},
	author = {Harwin de Vries and Evelot Duijzer},
	title = {Incorporating driving range variability in network design for refueling facilities},
	journal = {Omega}
}

@article{Babazadeh2017sustainable,
	doi = {10.1016/j.omega.2015.12.010},
	year = 2017,
	month = {jan},
	publisher = {Elsevier {BV}},
	volume = {66},
	pages = {258--277},
	author = {Reza Babazadeh and Jafar Razmi and Mir Saman Pishvaee and Masoud Rabbani},
	title = {A sustainable second-generation biodiesel supply chain network design problem under risk},
	journal = {Omega}
}

@article{Relvas2013integrated,
	doi = {10.1016/j.omega.2013.01.001},
	year = 2013,
	month = {dec},
	publisher = {Elsevier {BV}},
	volume = {41},
	number = {6},
	pages = {955--968},
	author = {Susana Relvas and Suelen N. Boschetto Magat{\~{a}}o and Ana Paula F.D. Barbosa-P{\'{o}}voa and Fl{\'{a}}vio Neves},
	title = {Integrated scheduling and inventory management of an oil products distribution system},
	journal = {Omega}
}









@article{ogumerem2017multi,
  doi = {10.1016/j.cherd.2017.12.032},
  title={A Multi-objective Optimization for the Design and Operation of a Hydrogen Network for Transportation Fuel},
  author={Ogumerem, Gerald S and Kim, Changkyu and Kesisoglou, Iordanis and Diangelakis, Nikolaos A and Pistikopoulos, Efstratios N},
  journal={Chem Eng Res Des},
  year={2017},
  publisher={Elsevier}
}

@article{nikolaidis2017comparative,
  doi = {10.1016/j.rser.2016.09.044},
  title={A comparative overview of hydrogen production processes},
  author={Nikolaidis, Pavlos and Poullikkas, Andreas},
  journal={Renew Sustain Energy Rev},
  volume={67},
  pages={597--611},
  year={2017},
  publisher={Elsevier}
}

@article{hosseini2016hydrogen,
  doi = {10.1016/j.rser.2015.12.112},
  title={Hydrogen production from renewable and sustainable energy resources: promising green energy carrier for clean development},
  author={Hosseini, Seyed Ehsan and Wahid, Mazlan Abdul},
  journal={Renew Sustain Energy Rev},
  volume={57},
  pages={850--866},
  year={2016},
  publisher={Elsevier}
}

@article{dincer2015review,
  doi = {10.1016/j.ijhydene.2014.12.035},
  title={Review and evaluation of hydrogen production methods for better sustainability},
  author={Dincer, Ibrahim and Acar, Canan},
  journal={Int J Hydrogen Energy},
  volume={40},
  number={34},
  pages={11094--11111},
  year={2015},
  publisher={Elsevier}
}

@article{baufume2011carbon,
  doi = {10.1016/j.ijhydene.2011.04.174},
  title={Carbon capture and storage: A possible bridge to a future hydrogen infrastructure for Germany?},
  author={Baufum{\'e}, Sylvestre and Hake, J{\"u}rgen-Friedrich and Linssen, Jochen and Markewitz, Peter},
  journal={Int J Hydrogen Energy},
  volume={36},
  number={15},
  pages={8809--8821},
  year={2011},
  publisher={Elsevier}
}

@article{katikaneni2014site,
  doi = {10.1016/j.ijhydene.2013.12.172},
  title={On-site hydrogen production from transportation fuels: An overview and techno-economic assessment},
  author={Katikaneni, Sai P and Al-Muhaish, Fahad and Harale, Aadesh and Pham, Thang V},
  journal={Int J Hydrogen Energy},
  volume={39},
  number={9},
  pages={4331--4350},
  year={2014},
  publisher={Elsevier}
}

@article{ringer2006h2a,
  title={H2A Delivery Components Model Version 1.1: Users Guide},
  author={Ringer, M},
  journal={National Renewable Energy Laboratory, Golden, CO. Report},
  year={2006}
}

@article{elgowainy2015h2a,
  title={H2A delivery scenario analysis model version 3.0*(HDSAM 3.0) user's manual},
  author={Elgowainy, A and Krishna, R and Mintz, M and Brown, D},
  year={2015},
  publisher={Argonne National Laboratory, Pacific Northwest National Laboratory}
}

@article{reuss2017seasonal,
  doi = {10.1016/j.apenergy.2017.05.050},
  title={Seasonal storage and alternative carriers: A flexible hydrogen supply chain model},
  author={Reu{\ss}, M and Grube, T and Robinius, M and Preuster, P and Wasserscheid, P and Stolten, D},
  journal={Appl Energy},
  volume={200},
  pages={290--302},
  year={2017},
  publisher={Elsevier}
}

@article{le2017relevance,
  doi = {10.1016/j.ijhydene.2017.06.239},
  title={Relevance and costs of large scale underground hydrogen storage in France},
  author={Le Duigou, Alain and Bader, Anne-Ga{\"e}lle and Lanoix, Jean-Christophe and Nadau, Lionel},
  journal={Int J Hydrogen Energy},
  volume={42},
  number={36},
  pages={22987--23003},
  year={2017},
  publisher={Elsevier}
}

@article{lahnaoui2018optimizing,
  doi = {10.1016/j.apenergy.2018.03.099},
  title={Optimizing hydrogen transportation system for mobility by minimizing the cost of transportation via compressed gas truck in North Rhine-Westphalia},
  author={Lahnaoui, Amin and Wulf, Christina and Heinrichs, Heidi and Dalmazzone, Didier},
  journal={Appl Energy},
  volume={223},
  pages={317--328},
  year={2018},
  publisher={Elsevier}
}

@misc{netinform2018,
title = {Hydrogen filling stations worldwide},
year={2018},
author={{netinform}},
url = {http://www. netinform.net/H2/H2Stations/Default.aspx},
note = {Accessed: 14 February 2018}
}

@article{alazemi2015automotive,
  doi = {10.1016/j.rser.2015.03.085},
  title={Automotive hydrogen fuelling stations: An international review},
  author={Alazemi, Jasem and Andrews, John},
  journal={Renew Sustain Energy Rev},
  volume={48},
  pages={483--499},
  year={2015},
  publisher={Elsevier}
}

@article{hooks2008,
  title={Hydrogen delivery using alternative hydrogen carriers: Analysis and results},
  author={Matthew Hooks},
  journal={TIAX LLC},
  year={2008}
}

@article{mula2010mathematical,
  doi = {10.1016/j.ejor.2009.09.008},
  title={Mathematical programming models for supply chain production and transport planning},
  author={Mula, Josefa and Peidro, David and D{\'\i}az-Madro{\~n}ero, Manuel and Vicens, Eduardo},
  journal={Eur J Oper Res},
  volume={204},
  number={3},
  pages={377--390},
  year={2010},
  publisher={Elsevier}
}

@article{stadtler2005supply,
  doi = {10.1016/j.ejor.2004.03.001},
  title={Supply chain management and advanced planning----basics, overview and challenges},
  author={Stadtler, Hartmut},
  journal={Eur J Oper Res},
  volume={163},
  number={3},
  pages={575--588},
  year={2005},
  publisher={Elsevier}
}

@article{yue2014biomass,
  doi = {10.1016/j.compchemeng.2013.11.016},
  title={Biomass-to-bioenergy and biofuel supply chain optimization: overview, key issues and challenges},
  author={Yue, Dajun and You, Fengqi and Snyder, Seth W},
  journal={Comput Chem Eng},
  volume={66},
  pages={36--56},
  year={2014},
  publisher={Elsevier}
}

@article{klibi2010design,
  doi = {10.1016/j.ejor.2009.06.011},
  title={The design of robust value-creating supply chain networks: a critical review},
  author={Klibi, Walid and Martel, Alain and Guitouni, Adel},
  journal={Eur J Oper Res},
  volume={203},
  number={2},
  pages={283--293},
  year={2010},
  publisher={Elsevier}
}

@article{melo2009facility,
  doi = {10.1016/j.ejor.2008.05.007},
  title={Facility location and supply chain management--A review},
  author={Melo, M Teresa and Nickel, Stefan and Saldanha-Da-Gama, Francisco},
  journal={Eur J Oper Res},
  volume={196},
  number={2},
  pages={401--412},
  year={2009},
  publisher={Elsevier}
}

@article{julka2007review,
  doi = {10.1016/j.ijpe.2006.08.002},
  title={A review of multi-factor capacity expansion models for manufacturing plants: Searching for a holistic decision aid},
  author={Julka, Nirupam and Baines, Tim and Tjahjono, Benny and Lendermann, Peter and Vitanov, Val},
  journal={Int J Prod Econ},
  volume={106},
  number={2},
  pages={607--621},
  year={2007},
  publisher={Elsevier}
}

@article{verter1995facility,
  title={Facility location and capacity acquisition: an integrated approach},
  doi = {10.1002/1520-6750(199512)42:8<1141::AID-NAV3220420803>3.0.CO;2-B},
  author={Verter, Vedat and Dincer, M Cemal},
  journal={Nav Res Logist},
  volume={42},
  number={8},
  pages={1141--1160},
  year={1995},
  publisher={New York: Wiley in cooperation with the Office of Naval Research, 1987-}
}

@article{paquet2004including,
  doi = {10.1080/09511920310001593100},
  title={Including technology selection decisions in manufacturing network design models},
  author={Paquet, Marc and Martel, Alain and Desaulniers, Guy},
  journal={Int J Comput Integr Manuf},
  volume={17},
  number={2},
  pages={117--125},
  year={2004},
  publisher={Taylor \& Francis}
}

@article{amiri2006designing,
  doi = {10.1016/j.ejor.2004.09.018},
  title={Designing a distribution network in a supply chain system: Formulation and efficient solution procedure},
  author={Amiri, Ali},
  journal={Eur J Oper Res},
  volume={171},
  number={2},
  pages={567--576},
  year={2006},
  publisher={Elsevier}
}

@incollection{daskin2005facility,
  doi = {10.1007/0-387-24977-x_2},
  title={Facility location in supply chain design},
  author={Daskin, Mark S and Snyder, Lawrence V and Berger, Rosemary T},
  booktitle={Logistics systems: Design and optimization},
  pages={39--65},
  year={2005},
  publisher={Springer}
}

@article{sabri2000multi,
  doi = {10.1016/s0305-0483(99)00080-8},
  title={A multi-objective approach to simultaneous strategic and operational planning in supply chain design},
  author={Sabri, Ehap H and Beamon, Benita M},
  journal={Omega},
  volume={28},
  number={5},
  pages={581--598},
  year={2000},
  publisher={Elsevier}
}

@misc{wiki:LCOE,
    author = "{Wikipedia contributors}",
    title = "Cost of electricity by source --- {Wikipedia}{,} The Free Encyclopedia",
    year = "2018",
    url = "https://en.wikipedia.org/w/index.php?title=Cost_of_electricity_by_source&oldid=840318390",
    note = "[Online; accessed 22-May-2018]"
}

@article{markert2017risk,
  doi = {10.1016/j.ijhydene.2016.06.058},
  title={Risk and sustainability analysis of complex hydrogen infrastructures},
  author={Markert, Frank and Marangon, A and Carcassi, M and Duijm, Nijs Jan},
  journal={Int J Hydrogen Energy},
  volume={42},
  number={11},
  pages={7698--7706},
  year={2017},
  publisher={Elsevier}
}
  
@article{oyama2017hazid,
  doi = {10.1016/j.ijhydene.2016.07.023},
  title={HAZID for CO2-Free Hydrogen Supply Chain FEED (Front End Engineering Design)},
  author={Oyama, S and Satoh, S and Sakanaka, S},
  journal={Int J Hydrogen Energy},
  volume={42},
  number={11},
  pages={7322--7330},
  year={2017},
  publisher={Elsevier}
}

@article{kim2011index,
  doi = {10.1016/j.ijhydene.2011.02.127},
  title={An index-based risk assessment model for hydrogen infrastructure},
  author={Kim, Jiyong and Lee, Younghee and Moon, Il},
  journal={Int J Hydrogen Energy},
  volume={36},
  number={11},
  pages={6387--6398},
  year={2011},
  publisher={Elsevier}
}

@article{govindan2017supply,
  doi = {10.1016/j.ejor.2017.04.009},
  title={Supply chain network design under uncertainty: A comprehensive review and future research directions},
  author={Govindan, Kannan and Fattahi, Mohammad and Keyvanshokooh, Esmaeil},
  journal={Eur J Oper Res},
  volume={263},
  number={1},
  pages={108--141},
  year={2017},
  publisher={Elsevier}
}

@article{bairamzadeh2018modelling,
  doi = {10.1016/j.renene.2017.09.020},
  title={Modelling different types of uncertainty in biofuel supply network design and planning: A robust optimization approach},
  author={Bairamzadeh, Samira and Saidi-Mehrabad, Mohammad and Pishvaee, Mir Saman},
  journal={Renew Energy},
  volume={116},
  pages={500--517},
  year={2018},
  publisher={Elsevier}
}

@book{galbraith1977organization,
  title={Organization design},
  author={Galbraith, Jay R},
  year={1977},
  publisher={Addison Wesley Publishing Company}
}

@article{eppen1989or,
  doi = {10.1287/opre.37.4.517},
  title={OR practice—a scenario approach to capacity planning},
  author={Eppen, Gary D and Martin, R Kipp and Schrage, Linus},
  journal={Oper Res},
  volume={37},
  number={4},
  pages={517--527},
  year={1989},
  publisher={INFORMS}
}

@article{sen1999introductory,
  doi = {10.1287/inte.29.2.33},
  title={An introductory tutorial on stochastic linear programming models},
  author={Sen, Suvrajeet and Higle, Julia L},
  journal={Interfaces},
  volume={29},
  number={2},
  pages={33--61},
  year={1999},
  publisher={INFORMS}
}

@article{santoso2005stochastic,
  doi = {10.1016/j.ejor.2004.01.046},
  title={A stochastic programming approach for supply chain network design under uncertainty},
  author={Santoso, Tjendera and Ahmed, Shabbir and Goetschalckx, Marc and Shapiro, Alexander},
  journal={Eur J Oper Res},
  volume={167},
  number={1},
  pages={96--115},
  year={2005},
  publisher={Elsevier}
}

@article{mulvey1995robust,
  doi = {10.1287/opre.43.2.264},
  title={Robust optimization of large-scale systems},
  author={Mulvey, John M and Vanderbei, Robert J and Zenios, Stavros A},
  journal={Oper Res},
  volume={43},
  number={2},
  pages={264--281},
  year={1995},
  publisher={INFORMS}
}

@misc{yann2004multiobjective,
  title={Multiobjective optimization: principles and case studies},
  author={Yann, Collette and Siarry, Patrick},
  year={2004},
  publisher={Springer-Verlag: Berlin, Germany}
}

@article{agnolucci2013designing,
  doi = {10.1016/j.ijhydene.2013.02.042},
  title={Designing future hydrogen infrastructure: Insights from analysis at different spatial scales},
  author={Agnolucci, Paolo and McDowall, William},
  journal={Int J Hydrogen Energy},
  volume={38},
  number={13},
  pages={5181--5191},
  year={2013},
  publisher={Elsevier}
}

@article{maryam2017review,
  doi = {10.1016/j.ijhydene.2017.04.303},
  title={Review of modelling approaches used in the HSC context for the UK},
  author={Maryam, Sahdia},
  journal={Int J Hydrogen Energy},
  year={2017},
  publisher={Elsevier}
}

@article{kuby2005flow,
  doi = {10.1016/j.seps.2004.03.001},
  title={The flow-refueling location problem for alternative-fuel vehicles},
  author={Kuby, Michael and Lim, Seow},
  journal={Socioecon Plann Sci},
  volume={39},
  number={2},
  pages={125--145},
  year={2005},
  publisher={Elsevier}
}

@article{he2017hydrogen,
  doi = {10.1016/j.ijhydene.2017.05.073},
  title={Hydrogen refueling station siting of expressway based on the optimization of hydrogen life cycle cost},
  author={He, Chaoming and Sun, Haoran and Xu, Yang and Lv, Siyun},
  journal={Int J Hydrogen Energy},
  volume={42},
  number={26},
  pages={16313--16324},
  year={2017},
  publisher={Elsevier}
}

@article{sun2017hydrogen,
  doi = {10.1016/j.ijhydene.2017.07.191},
  title={Hydrogen station siting optimization based on multi-source hydrogen supply and life cycle cost},
  author={Sun, Haoran and He, Chaoming and Wang, Haikun and Zhang, Yongqiang and Lv, Siyun and Xu, Yang},
  journal={Int J Hydrogen Energy},
  volume={42},
  number={38},
  pages={23952--23965},
  year={2017},
  publisher={Elsevier}
}

@techreport{HydrogenCouncil2017,
  title={Hydrogen scaling up: A sustainable pathway for the global energy transition},
  author={{\relax McKinsey \& Company}},
  year={2017},
  url = {http://hydrogencouncil.com/wp-content/uploads/2017/11/Hydrogen-scaling-up-Hydrogen-Council.pdf}, 
  institution={Hydrogen Council}
}

@article{abbasi2011renewable,
  doi = {10.1016/j.rser.2011.02.026},
  title={‘Renewable’hydrogen: prospects and challenges},
  author={Abbasi, Tasneem and Abbasi, SA},
  journal={Renew Sustain Energy Rev},
  volume={15},
  number={6},
  pages={3034--3040},
  year={2011},
  publisher={Elsevier}
}

@article{chattanathan2012review,
  doi = {10.1016/j.rser.2012.01.051},
  title={A review on current status of hydrogen production from bio-oil},
  author={Chattanathan, Shyamsundar Ayalur and Adhikari, Sushil and Abdoulmoumine, Nourredine},
  journal={Renew Sustain Energy Rev},
  volume={16},
  number={5},
  pages={2366--2372},
  year={2012},
  publisher={Elsevier}
}

@article{dominkovic2017future,
  doi = {10.1016/j.rser.2017.06.117},
  title={The future of transportation in sustainable energy systems: opportunities and barriers in a clean energy transition},
  author={Dominkovi{\'c}, DF and Ba{\v{c}}ekovi{\'c}, Ivan and Pedersen, Allan Schr{\o}der and Kraja{\v{c}}i{\'c}, G},
  journal={Renew Sustain Energy Rev},
  year={2017},
  publisher={Elsevier}
}

@article{banos2011optimization,
  doi = {10.1016/j.rser.2010.12.008},
  title={Optimization methods applied to renewable and sustainable energy: A review},
  author={Banos, Raul and Manzano-Agugliaro, Francisco and Montoya, FG and Gil, Consolacion and Alcayde, Alfredo and G{\'o}mez, Julio},
  journal={Renew Sustain Energy Rev},
  volume={15},
  number={4},
  pages={1753--1766},
  year={2011},
  publisher={Elsevier}
}

@article{de2014methods,
  doi = {10.1016/j.rser.2013.12.036},
  title={Methods to optimise the design and management of biomass-for-bioenergy supply chains: A review},
  author={De Meyer, Annelies and Cattrysse, Dirk and Rasinm{\"a}ki, Jussi and Van Orshoven, Jos},
  journal={Renew Sustain Energy Rev},
  volume={31},
  pages={657--670},
  year={2014},
  publisher={Elsevier}
}

@article{samsatli2016optimal,
  doi = {10.1016/j.ijhydene.2015.10.032},
  title={Optimal design and operation of integrated wind-hydrogen-electricity networks for decarbonising the domestic transport sector in Great Britain},
  author={Samsatli, Sheila and Staffell, Iain and Samsatli, Nouri J},
  journal={international journal of hydrogen energy},
  volume={41},
  number={1},
  pages={447--475},
  year={2016},
  publisher={Elsevier}
}

@article{bique2018outlook,
  doi = {10.1016/j.cherd.2018.03.037},
  title={An outlook towards hydrogen supply chain networks in 2050—Design of novel fuel infrastructures in Germany},
  author={Biqu{\'e}, Anton Ochoa and Zondervan, Edwin},
  journal={Chemical Engineering Research and Design},
  volume={134},
  pages={90--103},
  year={2018},
  publisher={Elsevier}
}

@incollection{bique2018balancing,
  doi = {10.1016/B978-0-444-64235-6.50108-X},
  title={Balancing Costs, Safety and CO2 Emissions in the Design of Hydrogen Supply Chains},
  author={Biqu{\'e}, Anton Ochoa and Maia, Leonardo KK and La Mantia, Fabio and Manca, Davide and Zondervan, Edwin},
  booktitle={Computer Aided Chemical Engineering},
  volume={43},
  pages={603--608},
  year={2018},
  publisher={Elsevier}
}

@article{samsatli2018multi,
  doi = {10.1016/j.apenergy.2017.09.055},
  title={A multi-objective MILP model for the design and operation of future integrated multi-vector energy networks capturing detailed spatio-temporal dependencies},
  author={Samsatli, Sheila and Samsatli, Nouri J},
  journal={Applied Energy},
  volume={220},
  pages={893--920},
  year={2018},
  publisher={Elsevier}
}

@article{samsatli2015general,
  doi = {10.1016/j.compchemeng.2015.05.019},
  title={A general spatio-temporal model of energy systems with a detailed account of transport and storage},
  author={Samsatli, Sheila and Samsatli, Nouri J},
  journal={Computers \& Chemical Engineering},
  volume={80},
  pages={155--176},
  year={2015},
  publisher={Elsevier}
}

@article{welder2018spatio,
  doi = {10.1016/j.energy.2018.05.059},
  title={Spatio-temporal optimization of a future energy system for power-to-hydrogen applications in Germany},
  author={Welder, Lara and Ryberg, D Severin and Kotzur, Leander and Grube, Thomas and Robinius, Martin and Stolten, Detlef},
  journal={Energy},
  year={2018},
  publisher={Elsevier}
}

@article{copado2013large,
  doi = {10.1016/j.compchemeng.2012.09.006},
  title={Large neighbourhood search applied to the efficient solution of spatially explicit strategic supply chain management problems},
  author={Copado-M{\'e}ndez, Pedro J and Blum, Christian and Guill{\'e}n-Gos{\'a}lbez, Gonzalo and Jim{\'e}nez, Laureano},
  journal={Computers \& Chemical Engineering},
  volume={49},
  pages={114--126},
  year={2013},
  publisher={Elsevier}
}

@incollection{bique2018integration,
  doi = {10.1016/B978-0-444-64235-6.50247-3},
  title={Integration of carbon dioxide and hydrogen supply chains},
  author={Biqu{\'e}, Anton Ochoa and Nguyen, Tuan BH and Leonzio, Grazia and Galanopoulos, Christos and Zondervan, Edwin},
  booktitle={Computer Aided Chemical Engineering},
  volume={43},
  pages={1413--1418},
  year={2018},
  publisher={Elsevier}
}

@incollection{robles2016optimization,
  doi = {10.1016/B978-0-444-63428-3.50139-9},
  title={Optimization of a Hydrogen Supply Chain Network Design by Multi-Objective Genetic Algorithms},
  author={Robles, Jesus Ochoa and Almaraz, Sofia De-Le{\'o}n and Azzaro-Pantel, Catherine},
  booktitle={Computer Aided Chemical Engineering},
  volume={38},
  pages={805--810},
  year={2016},
  publisher={Elsevier}
}

@article{deb2002fast,
  doi = {10.1109/4235.996017},
  title={A fast and elitist multiobjective genetic algorithm: NSGA-II},
  author={Deb, Kalyanmoy and Pratap, Amrit and Agarwal, Sameer and Meyarivan, TAMT},
  journal={IEEE transactions on evolutionary computation},
  volume={6},
  number={2},
  pages={182--197},
  year={2002},
  publisher={IEEE}
}

@article{ren2013sustainability,
  doi = {10.1016/j.ijhydene.2013.08.126},
  title={Sustainability of hydrogen supply chain. Part I: identification of critical criteria and cause--effect analysis for enhancing the sustainability using DEMATEL},
  author={Ren, Jingzheng and Manzardo, Alessandro and Toniolo, Sara and Scipioni, Antonio},
  journal={International journal of hydrogen energy},
  volume={38},
  number={33},
  pages={14159--14171},
  year={2013},
  publisher={Elsevier}
}